@article{Gale:2013da,
      author         = "Gale, Charles and Jeon, Sangyong and Schenke, Bjoern",
      title          = "{Hydrodynamic Modeling of Heavy-Ion Collisions}",
      journal        = "Int. J. Mod. Phys.",
      volume         = "A28",
      year           = "2013",
      pages          = "1340011",
      doi            = "10.1142/S0217751X13400113",
      eprint         = "1301.5893",
      archivePrefix  = "arXiv",
      primaryClass   = "nucl-th",
      SLACcitation   = "%%CITATION = ARXIV:1301.5893;%%"
}

@article{Heinz:2013th,
      author         = "Heinz, Ulrich and Snellings, Raimond",
      title          = "{Collective flow and viscosity in relativistic heavy-ion
                        collisions}",
      journal        = "Ann. Rev. Nucl. Part. Sci.",
      volume         = "63",
      year           = "2013",
      pages          = "123-151",
      doi            = "10.1146/annurev-nucl-102212-170540",
      eprint         = "1301.2826",
      archivePrefix  = "arXiv",
      primaryClass   = "nucl-th",
      SLACcitation   = "%%CITATION = ARXIV:1301.2826;%%"
}

@article{Gardim:2011xv,
      author         = "Gardim, Fernando G. and Grassi, Frederique and Luzum,
                        Matthew and Ollitrault, Jean-Yves",
      title          = "{Mapping the hydrodynamic response to the initial
                        geometry in heavy-ion collisions}",
      journal        = "Phys. Rev.",
      volume         = "C85",
      year           = "2012",
      pages          = "024908",
      doi            = "10.1103/PhysRevC.85.024908",
      eprint         = "1111.6538",
      archivePrefix  = "arXiv",
      primaryClass   = "nucl-th",
      SLACcitation   = "%%CITATION = ARXIV:1111.6538;%%"
}

@article{Gale:2012rq,
      author         = "Gale, Charles and Jeon, Sangyong and Schenke, Bj√∂rn and
                        Tribedy, Prithwish and Venugopalan, Raju",
      title          = "{Event-by-event anisotropic flow in heavy-ion collisions
                        from combined Yang-Mills and viscous fluid dynamics}",
      journal        = "Phys. Rev. Lett.",
      volume         = "110",
      year           = "2013",
      number         = "1",
      pages          = "012302",
      doi            = "10.1103/PhysRevLett.110.012302",
      eprint         = "1209.6330",
      archivePrefix  = "arXiv",
      primaryClass   = "nucl-th",
      SLACcitation   = "%%CITATION = ARXIV:1209.6330;%%"
}

@article{Borghini:2000sa,
      author         = "Borghini, Nicolas and Dinh, Phuong Mai and Ollitrault,
                        Jean-Yves",
      title          = "{A New method for measuring azimuthal distributions in
                        nucleus-nucleus collisions}",
      journal        = "Phys. Rev.",
      volume         = "C63",
      year           = "2001",
      pages          = "054906",
      doi            = "10.1103/PhysRevC.63.054906",
      eprint         = "nucl-th/0007063",
      archivePrefix  = "arXiv",
      primaryClass   = "nucl-th",
      reportNumber   = "SACLAY-SPH-T-00-110",
      SLACcitation   = "%%CITATION = NUCL-TH/0007063;%%"
}

@article{Bilandzic:2010jr,
      author         = "Bilandzic, Ante and Snellings, Raimond and Voloshin,
                        Sergei",
      title          = "{Flow analysis with cumulants: Direct calculations}",
      journal        = "Phys. Rev.",
      volume         = "C83",
      year           = "2011",
      pages          = "044913",
      doi            = "10.1103/PhysRevC.83.044913",
      eprint         = "1010.0233",
      archivePrefix  = "arXiv",
      primaryClass   = "nucl-ex",
      SLACcitation   = "%%CITATION = ARXIV:1010.0233;%%"
}

@article{Bilandzic:2013kga,
      author         = "Bilandzic, Ante and Christensen, Christian Holm and
                        Gulbrandsen, Kristjan and Hansen, Alexander and Zhou, You",
      title          = "{Generic framework for anisotropic flow analyses with
                        multiparticle azimuthal correlations}",
      journal        = "Phys. Rev.",
      volume         = "C89",
      year           = "2014",
      number         = "6",
      pages          = "064904",
      doi            = "10.1103/PhysRevC.89.064904",
      eprint         = "1312.3572",
      archivePrefix  = "arXiv",
      primaryClass   = "nucl-ex",
      SLACcitation   = "%%CITATION = ARXIV:1312.3572;%%"
}

@article{Jia:2017hbm,
      author         = "Jia, Jiangyong and Zhou, Mingliang and Trzupek, Adam",
      title          = "{Revealing long-range multiparticle collectivity in small
                        collision systems via subevent cumulants}",
      journal        = "Phys. Rev.",
      volume         = "C96",
      year           = "2017",
      number         = "3",
      pages          = "034906",
      doi            = "10.1103/PhysRevC.96.034906",
      eprint         = "1701.03830",
      archivePrefix  = "arXiv",
      primaryClass   = "nucl-th",
      SLACcitation   = "%%CITATION = ARXIV:1701.03830;%%"
}

@article{ALICE:2016kpq,
      author         = "Adam, Jaroslav and others",
      title          = "{Correlated event-by-event fluctuations of flow harmonics
                        in Pb-Pb collisions at $\sqrt{s_{_{\rm NN}}}=2.76$ TeV}",
      collaboration  = "ALICE",
      journal        = "Phys. Rev. Lett.",
      volume         = "117",
      year           = "2016",
      pages          = "182301",
      doi            = "10.1103/PhysRevLett.117.182301",
      eprint         = "1604.07663",
      archivePrefix  = "arXiv",
      primaryClass   = "nucl-ex",
      reportNumber   = "CERN-EP-2016-102",
      SLACcitation   = "%%CITATION = ARXIV:1604.07663;%%"
}

@article{Aaboud:2017blb,
      author         = "Aaboud, Morad and others",
      title          = "{Measurement of long-range multiparticle azimuthal
                        correlations with the subevent cumulant method in $pp$ and
                        $p + Pb$ collisions with the ATLAS detector at the CERN
                        Large Hadron Collider}",
      collaboration  = "ATLAS",
      journal        = "Phys. Rev.",
      volume         = "C97",
      year           = "2018",
      number         = "2",
      pages          = "024904",
      doi            = "10.1103/PhysRevC.97.024904",
      eprint         = "1708.03559",
      archivePrefix  = "arXiv",
      primaryClass   = "hep-ex",
      reportNumber   = "CERN-EP-2017-160",
      SLACcitation   = "%%CITATION = ARXIV:1708.03559;%%"
}

@article{Zhou:2018fxx,
      author         = "Zhou, Mingliang and Jia, Jiangyong",
      title          = "{Centrality or volume fluctuations in heavy-ion
                        collisions}",
      year           = "2018",
      eprint         = "1803.01812",
      archivePrefix  = "arXiv",
      primaryClass   = "nucl-th",
      SLACcitation   = "%%CITATION = ARXIV:1803.01812;%%"
}

@article{Skokov:2012ds,
      author         = "Skokov, V. and Friman, B. and Redlich, K.",
      title          = "{Volume Fluctuations and Higher Order Cumulants of the
                        Net Baryon Number}",
      journal        = "Phys. Rev.",
      volume         = "C88",
      year           = "2013",
      pages          = "034911",
      doi            = "10.1103/PhysRevC.88.034911",
      eprint         = "1205.4756",
      archivePrefix  = "arXiv",
      primaryClass   = "hep-ph",
      reportNumber   = "BNL-98044-2012-JA",
      SLACcitation   = "%%CITATION = ARXIV:1205.4756;%%"
}

@techreport{ATLAS-CONF-2017-066,
      title         = "{Measurement of four-particle azimuthal cumulants in Pb+Pb
                       collisions at $\sqrt{s_{NN}}=5.02$ TeV with the ATLAS
                       detector}",
      institution   = "CERN",
      collaboration = "ATLAS Collaboration",
      address       = "Geneva",
      number        = "ATLAS-CONF-2017-066",
      month         = "Sep",
      year          = "2017",
      reportNumber  = "ATLAS-CONF-2017-066",
      url           = "https://cds.cern.ch/record/2285570",
}

@article{Adam:2016izf,
      author         = "Adam, Jaroslav and others",
      title          = "{Anisotropic flow of charged particles in Pb-Pb
                        collisions at $\sqrt{s_{\rm NN}}=5.02$ TeV}",
      collaboration  = "ALICE",
      journal        = "Phys. Rev. Lett.",
      volume         = "116",
      year           = "2016",
      number         = "13",
      pages          = "132302",
      doi            = "10.1103/PhysRevLett.116.132302",
      eprint         = "1602.01119",
      archivePrefix  = "arXiv",
      primaryClass   = "nucl-ex",
      reportNumber   = "CERN-EP-2016-018",
      SLACcitation   = "%%CITATION = ARXIV:1602.01119;%%"
}

@article{ATLAS:2012at,
      author         = "Aad, Georges and others",
      title          = "{Measurement of the azimuthal anisotropy for charged
                        particle production in $\sqrt{s_{NN}}=2.76$ TeV lead-lead
                        collisions with the ATLAS detector}",
      collaboration  = "ATLAS",
      journal        = "Phys. Rev.",
      volume         = "C86",
      year           = "2012",
      pages          = "014907",
      doi            = "10.1103/PhysRevC.86.014907",
      eprint         = "1203.3087",
      archivePrefix  = "arXiv",
      primaryClass   = "hep-ex",
      reportNumber   = "CERN-PH-EP-2012-035",
      SLACcitation   = "%%CITATION = ARXIV:1203.3087;%%"
}

@article{Aad:2014vba,
      author         = "Aad, Georges and others",
      title          = "{Measurement of flow harmonics with multi-particle
                        cumulants in Pb+Pb collisions at $\sqrt{s_{\mathrm
                        {NN}}}=2.76$  TeV with the ATLAS detector}",
      collaboration  = "ATLAS",
      journal        = "Eur. Phys. J.",
      volume         = "C74",
      year           = "2014",
      number         = "11",
      pages          = "3157",
      doi            = "10.1140/epjc/s10052-014-3157-z",
      eprint         = "1408.4342",
      archivePrefix  = "arXiv",
      primaryClass   = "hep-ex",
      reportNumber   = "CERN-PH-EP-2014-171",
      SLACcitation   = "%%CITATION = ARXIV:1408.4342;%%"
}

@article{Aaboud:2017tql,
      author         = "Aaboud, Morad and others",
      title          = "{Measurement of longitudinal flow decorrelations in Pb+Pb
                        collisions at $\sqrt{s_{\text {NN}}}=2.76$ and 5.02 TeV
                        with the ATLAS detector}",
      collaboration  = "ATLAS",
      journal        = "Eur. Phys. J.",
      volume         = "C78",
      year           = "2018",
      number         = "2",
      pages          = "142",
      doi            = "10.1140/epjc/s10052-018-5605-7",
      eprint         = "1709.02301",
      archivePrefix  = "arXiv",
      primaryClass   = "nucl-ex",
      reportNumber   = "CERN-EP-2017-191",
      SLACcitation   = "%%CITATION = ARXIV:1709.02301;%%"
}

@article{Khachatryan:2015oea,
      author         = "Khachatryan, Vardan and others",
      title          = "{Evidence for transverse momentum and pseudorapidity
                        dependent event plane fluctuations in PbPb and pPb
                        collisions}",
      collaboration  = "CMS",
      journal        = "Phys. Rev.",
      volume         = "C92",
      year           = "2015",
      number         = "3",
      pages          = "034911",
      doi            = "10.1103/PhysRevC.92.034911",
      eprint         = "1503.01692",
      archivePrefix  = "arXiv",
      primaryClass   = "nucl-ex",
      reportNumber   = "CMS-HIN-14-012, CERN-PH-EP-2015-039",
      SLACcitation   = "%%CITATION = ARXIV:1503.01692;%%"
}

@article{Sirunyan:2017fts,
      author         = "Sirunyan, Albert M and others",
      title          = "{Non-Gaussian elliptic-flow fluctuations in PbPb
                        collisions at $\sqrt{\smash[b]{s_{_\text{NN}}}} = 5.02$
                        TeV}",
      collaboration  = "CMS",
      year           = "2017",
      eprint         = "1711.05594",
      archivePrefix  = "arXiv",
      primaryClass   = "nucl-ex",
      reportNumber   = "CMS-HIN-16-019, CERN-EP-2017-268",
      SLACcitation   = "%%CITATION = ARXIV:1711.05594;%%"
}

@article{Poskanzer:1998yz,
      author         = "Poskanzer, Arthur M. and Voloshin, S. A.",
      title          = "{Methods for analyzing anisotropic flow in relativistic
                        nuclear collisions}",
      journal        = "Phys. Rev.",
      volume         = "C58",
      year           = "1998",
      pages          = "1671-1678",
      doi            = "10.1103/PhysRevC.58.1671",
      eprint         = "nucl-ex/9805001",
      archivePrefix  = "arXiv",
      primaryClass   = "nucl-ex",
      SLACcitation   = "%%CITATION = NUCL-EX/9805001;%%"
}

@techreport{Burka:2151932,
      author        = "Burka, Klaudia and Trzupek, Adam and Bold, Tomasz",
      title         = "{Measurement of centrality, pseudorapidity and pT
                       dependence of higer flow harmonics in lead-lead collisions
                       at $\sqrt{s_{NN}}$ = 5.02 TeV with the ATLAS detector.}",
      institution   = "CERN",
      address       = "Geneva",
      number        = "ATL-COM-PHYS-2016-490",
      month         = "May",
      year          = "2016",
      reportNumber  = "ATL-COM-PHYS-2016-490",
      url           = "https://cds.cern.ch/record/2151932",
}

@article{Yan:2013laa,
      author         = "Yan, Li and Ollitrault, Jean-Yves",
      title          = "{Universal fluctuation-driven eccentricities in
                        proton-proton, proton-nucleus and nucleus-nucleus
                        collisions}",
      journal        = "Phys. Rev. Lett.",
      volume         = "112",
      year           = "2014",
      pages          = "082301",
      doi            = "10.1103/PhysRevLett.112.082301",
      eprint         = "1312.6555",
      archivePrefix  = "arXiv",
      primaryClass   = "nucl-th",
      SLACcitation   = "%%CITATION = ARXIV:1312.6555;%%"
}

@techreport{Jia:2311860,
      author        = "Jia, Jiangyong and Zhou, Mingliang",
      title         = "{Flow fluctuations in Pb+Pb collisions at
                       $\sqrt{s_{\mathrm{NN}}}=5.02$ TeV with the ATLAS detector}",
      institution   = "CERN",
      address       = "Geneva",
      number        = "ATL-COM-PHYS-2018-346",
      month         = "Apr",
      year          = "2018",
      reportNumber  = "ATL-COM-PHYS-2018-346",
      url           = "https://cds.cern.ch/record/2311860",
      note          = "First paper draft, will aim for confnote conversion for
                       the Quark Matter 2018 conference in May 13th",
}

@techreport{Morley:2011604,
	Address = {Geneva},
	Author = {Morley, Anthony Keith and Kuhl, Thorsten and Conti, Geraldine and Nurse, Emily and Wozniak, Krzysztof and Martin-Haugh, Stewart and Arnaez, Olivier and Schaefer, Douglas and Kvita, Jiri and Sidebo, Per Edvin and Kuechler, Jan Thomas and Boerner, Daniela and Kepka, Oldrich and Nechansky, Filip and Vozak, Matous and Devesa, Maria Roberta and Iuppa, Roberto and Lysak, Roman and Lukas, Wolfgang and Eckardt, Christoph and Cairo, Valentina and Danninger, Matthias and Cuhadar Donszelmann, Tulay and Chisholm, Andrew and Kulchitsky, Yuri and Plotnikova, Elena and Oide, Hideyuki and Lister, Alison and Pagan Griso, Simone and Gray, Heather and Kar, Deepak and Salzburger, Andreas and Martin, Tim and Tsiareshka, Pavel},
	Institution = {CERN},
	Month = {Apr},
	Number = {ATL-COM-PHYS-2015-313},
	Reportnumber = {ATL-COM-PHYS-2015-313},
	Title = {{Supporting note for the Minimum Bias publication: Charge particle multiplicity in pp interactions at 13 TeV measured with the ATLAS detector}},
	Url = {https://cds.cern.ch/record/2011604},
	Year = {2015},
	Bdsk-Url-1 = {https://cds.cern.ch/record/2011604}
}
